%% This BibTeX bibliography file was created using BibDesk.
%% http://bibdesk.sourceforge.net/


%% Created for Alexander Schenker at 2015-09-06 12:00:22 +0200 


%% Saved with string encoding Unicode (UTF-8) 

@webpage{steppervsservo,
	Date-Added = {2015-09-10 09:59:19 +0000},
	Date-Modified = {2015-09-10 13:00:22 +0000},
	Lastchecked = {10.09.2015},
	Note = {\url{http://www.amci.com/tutorials/tutorials-stepper-vs-servo.asp}},
	Title = {Stepper vs. Servo},
	Url = {http://www.amci.com/tutorials/tutorials-stepper-vs-servo.asp},
	Year = {2014}}

@webpage{diyff,
	Date-Added = {2015-09-06 09:59:19 +0000},
	Date-Modified = {2015-09-06 10:00:22 +0000},
	Lastchecked = {06.09.2015},
	Note = {\url{https://vimeo.com/85608648}},
	Title = {DIY Follow Focus},
	Url = {https://vimeo.com/85608648},
	Year = {2014}}

@webpage{cineman,
	Author = {Stapleton, Oliver},
	Date-Added = {2015-09-05 08:52:47 +0000},
	Date-Modified = {2015-09-05 13:42:29 +0000},
	Lastchecked = {30.08.2015},
	Note = {\url{http://www.cineman.co.uk/#camera}},
	Title = {So you wanna work in movies? - Camera Department}}

@book{kcrabb,
	Author = {Kelly Crabb},
	Date-Added = {2015-09-05 08:57:50 +0000},
	Date-Modified = {2015-09-05 08:59:32 +0000},
	Publisher = {Simon and Schuster},
	Title = {The Movie Business: The Definitive Guide to the Legal and Financial Secrets of Getting Your Movie Made},
	Year = {2005}}

@webpage{ble,
	Date-Added = {2015-09-06 09:35:27 +0000},
	Date-Modified = {2015-09-06 09:35:54 +0000},
	Note = {\url{https://developer.bluetooth.org/TechnologyOverview/Pages/BLE.aspx}},
	Title = {Bluetooth Low Energy}}

@webpage{dassault,
	Date-Added = {2015-09-05 16:05:45 +0000},
	Date-Modified = {2015-09-05 16:06:17 +0000},
	Lastchecked = {05.09.2015},
	Note = {\url{http://www.3ds.com/de}},
	Title = {Dassault Systemes}}

@webpage{devand,
	Date-Added = {2015-09-05 13:40:10 +0000},
	Date-Modified = {2015-09-05 13:41:19 +0000},
	Lastchecked = {05.09.2015},
	Note = {\url{https://developer.android.com/about/dashboards/index.html}},
	Title = {Android Developers - Platform Versions}}

@article{proaim,
	Date-Added = {2015-09-05 10:25:01 +0000},
	Date-Modified = {2015-09-05 13:44:06 +0000},
	Lastchecked = {05.09.2015},
	Note = {\url{http://www.proaimshop.com/pas/PROAIM-Camera-Follow-Focus-X1.html}},
	Title = {PROAIM Camera Follow Focus X1}}

@webpage{soffer,
	Author = {Adi Soffer},
	Date-Added = {2015-09-05 10:18:18 +0000},
	Date-Modified = {2015-09-05 13:42:05 +0000},
	Note = {\url{https://github.com/soffer/Follow-Focus}},
	Title = {GitHub - Follow Focus}}

@webpage{kicklenz,
	Date-Added = {2015-09-05 10:09:14 +0000},
	Date-Modified = {2015-09-05 13:42:19 +0000},
	Lastchecked = {05.09.2015},
	Note = {\url{https://www.kickstarter.com/projects/1608311032/lenzhound-wireless-lens-motor-control-system?lang=de}},
	Title = {Lenzhound - Kickstarter}}

@webpage{andra,
	Date-Added = {2015-09-05 09:40:37 +0000},
	Date-Modified = {2015-09-05 13:42:12 +0000},
	Lastchecked = {05.09.2015},
	Note = {\url{http://andra.com/}},
	Title = {Andra Motion Focus},
	Year = {2015}}

@unpublished{pburgdorf,
	Address = {http://www.medien.ifi.lmu.de/lehre/arbeiten/detail.xhtml-php?pub=hoesl_takeoverslider},
	Author = {Philipp Burgdorf},
	Date-Added = {2015-09-05 09:09:09 +0000},
	Date-Modified = {2015-09-05 09:27:38 +0000},
	Note = {Bachelor's Thesis},
	School = {Ludwig-Maximilian-Universit{\"a}t M{\"u}nchen},
	Title = {Take-Over Strategies and their Effect on Control and Recording of Automated Camera Tracking Shots},
	Year = {2015}}

@unpublished{pmoerwald,
	Address = {http://www.medien.ifi.lmu.de/lehre/arbeiten/detail.xhtml-php?pub=hoesl_CameraSlider},
	Author = {Patrick M{\"o}rwald},
	Date-Added = {2015-09-05 09:07:42 +0000},
	Date-Modified = {2015-09-05 09:27:25 +0000},
	Note = {Bachelor's Thesis},
	School = {Ludwig-Maximilian-Universit{\"a}t M{\"u}nchen},
	Title = {Development of a Remote Controlled Camera Slider},
	Year = {2014}}
